<record><leader>00000cas a22000007a 4500</leader><controlfield tag="001">9711082</controlfield><controlfield tag="008">830718d187u19uunyucr ne      0    0eng d</controlfield><datafield ind1=" " ind2=" " tag="010"><subfield code="a">sn 83030924 </subfield></datafield><datafield ind1=" " ind2=" " tag="040"><subfield code="a">NPU</subfield><subfield code="b">eng</subfield><subfield code="c">NPU</subfield><subfield code="d">NYG</subfield><subfield code="d">DLC</subfield><subfield code="d">NPX</subfield><subfield code="d">NPH</subfield><subfield code="d">NYS</subfield><subfield code="d">OCLCQ</subfield><subfield code="d">UBY</subfield><subfield code="d">OCLCQ</subfield><subfield code="d">OCLCF</subfield><subfield code="d">OCLCO</subfield></datafield><datafield ind1="1" ind2=" " tag="029"><subfield code="a">AU@</subfield><subfield code="b">000025829090</subfield></datafield><datafield ind1=" " ind2=" " tag="042"><subfield code="a">msc</subfield></datafield><datafield ind1=" " ind2=" " tag="043"><subfield code="a">n-us-ny</subfield></datafield><datafield ind1="0" ind2="4" tag="245"><subfield code="a">The Allegany County reporter.</subfield></datafield><datafield ind1="1" ind2="3" tag="246"><subfield code="a">Allegany Co. reporter</subfield></datafield><datafield ind1=" " ind2=" " tag="260"><subfield code="a">Belmont, N.Y. :</subfield><subfield code="b">G.W. Dickinson</subfield></datafield><datafield ind1=" " ind2=" " tag="300"><subfield code="a">v. :</subfield><subfield code="b">ill. ;</subfield><subfield code="c">66 cm.</subfield></datafield><datafield ind1=" " ind2=" " tag="310"><subfield code="a">Semiweekly,</subfield><subfield code="b">Oct. 21, 1898-&lt;Dec. 30, 1904&gt;</subfield></datafield><datafield ind1=" " ind2=" " tag="321"><subfield code="a">Weekly,</subfield><subfield code="b">&lt;1873&gt;-Sept. 20, 1894</subfield></datafield><datafield ind1=" " ind2=" " tag="321"><subfield code="a">Semiweekly,</subfield><subfield code="b">Sept. 25, 1894-June 24, 1898</subfield></datafield><datafield ind1=" " ind2=" " tag="321"><subfield code="a">Triweekly,</subfield><subfield code="b">June 28-Oct. 18, 1898</subfield></datafield><datafield ind1=" " ind2=" " tag="500"><subfield code="a">Published at Belmont, N.Y., &lt;1873&gt;; at Wellsville, N.Y., &lt;1876-1904&gt;.</subfield></datafield><datafield ind1=" " ind2=" " tag="500"><subfield code="a">Publishers: G.W. Dickinson, &lt;1873&gt;; Allegany County Reporter Assn., &lt;1874&gt;; Enos W. Barnes, &lt;1876&gt;.</subfield></datafield><datafield ind1=" " ind2=" " tag="500"><subfield code="a">Editors: G.W. Dickinson, &lt;1874&gt;; Enos W. Barnes, &lt;1876&gt;.</subfield></datafield><datafield ind1=" " ind2=" " tag="500"><subfield code="a">"Republican," &lt;1876&gt;.</subfield></datafield><datafield ind1=" " ind2=" " tag="580"><subfield code="a">Absorbed: Wellsville times. Cf. Faibisoff, S.G. bibliography of newspapers in 14 N.Y. counties.</subfield></datafield><datafield ind1=" " ind2=" " tag="588"><subfield code="a">Description based on: Vol. 36, no. 1863 (Apr. 9, 1873).</subfield></datafield><datafield ind1=" " ind2="0" tag="651"><subfield code="a">Wellsville (N.Y.)</subfield><subfield code="v">Newspapers.</subfield></datafield><datafield ind1=" " ind2="0" tag="651"><subfield code="a">Belmont (N.Y.)</subfield><subfield code="v">Newspapers.</subfield></datafield><datafield ind1=" " ind2="0" tag="651"><subfield code="a">Allegany County (N.Y.)</subfield><subfield code="v">Newspapers.</subfield></datafield><datafield ind1=" " ind2="7" tag="655"><subfield code="a">Newspapers.</subfield><subfield code="2">fast</subfield><subfield code="0">(OCoLC)fst01423814</subfield></datafield><datafield ind1=" " ind2="7" tag="651"><subfield code="a">New York (State)</subfield><subfield code="z">Allegany County.</subfield><subfield code="2">fast</subfield><subfield code="0">(OCoLC)fst01221766</subfield></datafield><datafield ind1=" " ind2="7" tag="651"><subfield code="a">New York (State)</subfield><subfield code="z">Belmont.</subfield><subfield code="2">fast</subfield><subfield code="0">(OCoLC)fst01257446</subfield></datafield><datafield ind1=" " ind2="7" tag="651"><subfield code="a">New York (State)</subfield><subfield code="z">Wellsville.</subfield><subfield code="2">fast</subfield><subfield code="0">(OCoLC)fst01220444</subfield></datafield><datafield ind1=" " ind2=" " tag="752"><subfield code="a">United States</subfield><subfield code="b">New York</subfield><subfield code="c">Allegany</subfield><subfield code="d">Wellsville.</subfield></datafield><datafield ind1=" " ind2=" " tag="752"><subfield code="a">United States</subfield><subfield code="b">New York</subfield><subfield code="c">Allegany</subfield><subfield code="d">Belmont.</subfield></datafield><datafield ind1="0" ind2="0" tag="780"><subfield code="t">Allegany reporter</subfield><subfield code="w">(DLC)sn 84031328</subfield></datafield><datafield ind1="0" ind2="5" tag="780"><subfield code="t">Wellsville times</subfield><subfield code="g">1874</subfield><subfield code="w">(DLC)sn 83031731</subfield></datafield></record>